Name,Period,Budget,Sales,ID,Email
vacation,2019-11,100.00,0.00,5407,cfloryiv@rcn.com
Miscellaneous,2018-11,0.00,61.00,5408,cfloryiv@rcn.com
Gas,2019-01,100.00,30.00,5409,cfloryiv@rcn.com
Credit Monitoring,2018-09,24.00,24.00,5410,cfloryiv@rcn.com
Friday Takeout,2018-11,200.00,226.00,5411,cfloryiv@rcn.com
Cash,2018-08,200.00,200.00,5412,cfloryiv@rcn.com
Therapy,2018-11,135.00,235.00,5413,cfloryiv@rcn.com
Education,2018-12,90.00,40.00,5414,cfloryiv@rcn.com
Cash,2018-09,200.00,100.00,5415,cfloryiv@rcn.com
Great Courses,2018-10,50.00,0.00,5416,cfloryiv@rcn.com
Cash,2019-01,200.00,200.00,5417,cfloryiv@rcn.com
Condo Fee,2019-01,300.00,315.00,5418,cfloryiv@rcn.com
Cleaning,2018-10,120.00,120.00,5419,cfloryiv@rcn.com
Auto Expenses,2019-01,50.00,169.00,5420,cfloryiv@rcn.com
Cable TV,2018-12,159.00,159.00,5421,cfloryiv@rcn.com
Cell Phone,2018-12,73.00,73.00,5422,cfloryiv@rcn.com
Electronics,2018-09,400.00,104.00,5423,cfloryiv@rcn.com
Kathy,2018-08,150.00,166.00,5424,cfloryiv@rcn.com
Laundry,2018-08,20.00,20.00,5425,cfloryiv@rcn.com
Charites,2018-11,100.00,120.00,5426,cfloryiv@rcn.com
Electric Bill,2018-09,100.00,116.00,5427,cfloryiv@rcn.com
Property Taxes,2018-10,150.00,150.00,5428,cfloryiv@rcn.com
Education,2018-09,90.00,30.00,5429,cfloryiv@rcn.com
Therapy,2018-10,135.00,135.00,5430,cfloryiv@rcn.com
Therapy,2019-01,135.00,135.00,5431,cfloryiv@rcn.com
Antivirus,2018-11,17.00,17.00,5432,cfloryiv@rcn.com
Medicine,2018-08,100.00,0.00,5433,cfloryiv@rcn.com
Cable TV,2019-01,159.00,159.00,5434,cfloryiv@rcn.com
Movies,2018-11,150.00,133.00,5435,cfloryiv@rcn.com
Auto Expenses,2018-12,50.00,50.00,5436,cfloryiv@rcn.com
Great Courses,2018-11,50.00,0.00,5437,cfloryiv@rcn.com
Therapy,2018-12,135.00,135.00,5438,cfloryiv@rcn.com
Health Insurance,2018-09,180.00,246.00,5439,cfloryiv@rcn.com
Cell Phone,2018-08,73.00,73.00,5440,cfloryiv@rcn.com
Auto Insurance,2018-10,105.00,105.00,5441,cfloryiv@rcn.com
Property Taxes,2018-08,150.00,150.00,5442,cfloryiv@rcn.com
Antivirus,2018-12,17.00,17.00,5443,cfloryiv@rcn.com
Health Insurance,2018-08,180.00,180.00,5444,cfloryiv@rcn.com
Cleaning,2018-11,120.00,120.00,5445,cfloryiv@rcn.com
Condo Fee,2018-08,300.00,300.00,5446,cfloryiv@rcn.com
Charites,2018-08,100.00,72.00,5447,cfloryiv@rcn.com
Education,2018-11,90.00,120.00,5448,cfloryiv@rcn.com
Laundry,2019-01,20.00,20.00,5449,cfloryiv@rcn.com
Miscellaneous,2018-10,0.00,681.00,5450,cfloryiv@rcn.com
Car Payment,2018-09,400.00,400.00,5451,cfloryiv@rcn.com
Cleaning,2018-12,120.00,120.00,5452,cfloryiv@rcn.com
Antivirus,2018-08,17.00,17.00,5453,cfloryiv@rcn.com
Groceries,2018-09,440.00,472.00,5454,cfloryiv@rcn.com
Movies,2018-12,150.00,33.00,5455,cfloryiv@rcn.com
Car Payment,2018-10,400.00,400.00,5456,cfloryiv@rcn.com
Miscellaneous,2019-01,0.00,391.00,5457,cfloryiv@rcn.com
Car Payment,2019-01,400.00,400.00,5458,cfloryiv@rcn.com
Charites,2019-01,100.00,138.00,5459,cfloryiv@rcn.com
Web Hosting,2018-09,20.00,20.00,5460,cfloryiv@rcn.com
Education,2019-01,90.00,20.00,5461,cfloryiv@rcn.com
Gas,2018-10,100.00,111.00,5462,cfloryiv@rcn.com
Amonazon-Books,2019-02,400.00,318.00,5463,cfloryiv@rcn.com
Antivirus,2019-02,17.00,17.00,5464,cfloryiv@rcn.com
Antivirus,2019-03,17.00,17.00,5465,cfloryiv@rcn.com
Auto Expenses,2019-03,50.00,115.00,5466,cfloryiv@rcn.com
Auto Insurance,2019-03,105.00,105.00,5467,cfloryiv@rcn.com
Cable TV,2019-03,159.00,158.00,5468,cfloryiv@rcn.com
Car Payment,2019-03,400.00,400.00,5469,cfloryiv@rcn.com
Cash,2019-03,200.00,200.00,5470,cfloryiv@rcn.com
Cell Phone,2019-03,73.00,73.00,5471,cfloryiv@rcn.com
Charites,2019-03,100.00,183.00,5472,cfloryiv@rcn.com
Cleaning,2019-03,120.00,120.00,5473,cfloryiv@rcn.com
Condo Fee,2019-03,300.00,300.00,5474,cfloryiv@rcn.com
Credit Monitoring,2019-03,24.00,24.00,5475,cfloryiv@rcn.com
Education,2019-03,90.00,0.00,5476,cfloryiv@rcn.com
Electric Bill,2019-03,100.00,52.00,5477,cfloryiv@rcn.com
Electronics,2019-03,200.00,639.00,5478,cfloryiv@rcn.com
Friday Takeout,2019-03,200.00,130.00,5479,cfloryiv@rcn.com
Gas,2019-03,100.00,42.00,5480,cfloryiv@rcn.com
Great Courses,2019-03,50.00,0.00,5481,cfloryiv@rcn.com
Groceries,2019-03,440.00,421.00,5482,cfloryiv@rcn.com
Health Insurance,2019-03,180.00,480.00,5483,cfloryiv@rcn.com
Kathy,2019-03,0.00,0.00,5484,cfloryiv@rcn.com
Laundry,2019-03,20.00,20.00,5485,cfloryiv@rcn.com
Medicine,2019-03,100.00,24.00,5486,cfloryiv@rcn.com
Movies,2019-03,35.00,35.00,5487,cfloryiv@rcn.com
Property Taxes,2019-03,150.00,150.00,5488,cfloryiv@rcn.com
Therapy,2019-03,135.00,115.00,5489,cfloryiv@rcn.com
Amonazon-Books,2019-03,400.00,494.00,5490,cfloryiv@rcn.com
Laundry,2018-11,20.00,20.00,5491,cfloryiv@rcn.com
Miscellaneous,2019-03,0.00,-2105.00,5492,cfloryiv@rcn.com
Web Hosting,2019-02,20.00,20.00,5493,cfloryiv@rcn.com
Auto Expenses,2019-02,50.00,82.00,5494,cfloryiv@rcn.com
Auto Insurance,2019-02,105.00,105.00,5495,cfloryiv@rcn.com
Cable TV,2019-02,159.00,159.00,5496,cfloryiv@rcn.com
Car Payment,2019-02,400.00,400.00,5497,cfloryiv@rcn.com
Cash,2019-02,200.00,0.00,5498,cfloryiv@rcn.com
Cell Phone,2019-02,73.00,73.00,5499,cfloryiv@rcn.com
Charites,2019-02,100.00,174.00,5500,cfloryiv@rcn.com
Cleaning,2019-02,120.00,120.00,5501,cfloryiv@rcn.com
Condo Fee,2019-02,300.00,300.00,5502,cfloryiv@rcn.com
Credit Monitoring,2019-02,24.00,24.00,5503,cfloryiv@rcn.com
Education,2019-02,90.00,12.00,5504,cfloryiv@rcn.com
Electric Bill,2019-02,100.00,49.00,5505,cfloryiv@rcn.com
Electronics,2019-02,200.00,279.00,5506,cfloryiv@rcn.com
Friday Takeout,2019-02,200.00,176.00,5507,cfloryiv@rcn.com
Gas,2019-02,100.00,36.00,5508,cfloryiv@rcn.com
Great Courses,2019-02,50.00,60.00,5509,cfloryiv@rcn.com
Groceries,2019-02,440.00,535.00,5510,cfloryiv@rcn.com
Health Insurance,2019-02,180.00,0.00,5511,cfloryiv@rcn.com
Kathy,2019-02,0.00,0.00,5512,cfloryiv@rcn.com
Laundry,2019-02,20.00,20.00,5513,cfloryiv@rcn.com
Medicine,2019-02,100.00,507.00,5514,cfloryiv@rcn.com
Miscellaneous,2019-02,0.00,-77.00,5515,cfloryiv@rcn.com
Movies,2019-02,35.00,35.00,5516,cfloryiv@rcn.com
Property Taxes,2019-02,150.00,225.00,5517,cfloryiv@rcn.com
Therapy,2019-02,135.00,90.00,5518,cfloryiv@rcn.com
vacation,2019-02,100.00,100.00,5519,cfloryiv@rcn.com
Auto Insurance,2018-09,105.00,105.00,5520,cfloryiv@rcn.com
Property Taxes,2018-11,150.00,150.00,5521,cfloryiv@rcn.com
Therapy,2018-08,135.00,135.00,5522,cfloryiv@rcn.com
Cell Phone,2019-01,73.00,91.00,5523,cfloryiv@rcn.com
Credit Monitoring,2018-11,24.00,24.00,5524,cfloryiv@rcn.com
Cell Phone,2018-10,73.00,73.00,5525,cfloryiv@rcn.com
vacation,2018-09,100.00,100.00,5526,cfloryiv@rcn.com
Cable TV,2018-08,159.00,159.00,5527,cfloryiv@rcn.com
vacation,2018-10,100.00,377.00,5528,cfloryiv@rcn.com
Cable TV,2018-09,159.00,159.00,5529,cfloryiv@rcn.com
Credit Monitoring,2018-12,24.00,24.00,5530,cfloryiv@rcn.com
Electric Bill,2018-08,100.00,117.00,5531,cfloryiv@rcn.com
Great Courses,2018-08,50.00,60.00,5532,cfloryiv@rcn.com
Charites,2018-12,100.00,138.00,5533,cfloryiv@rcn.com
Cell Phone,2018-11,73.00,73.00,5534,cfloryiv@rcn.com
Cleaning,2018-09,120.00,120.00,5535,cfloryiv@rcn.com
Antivirus,2018-09,17.00,17.00,5536,cfloryiv@rcn.com
Education,2018-10,90.00,20.00,5537,cfloryiv@rcn.com
Groceries,2018-10,440.00,390.00,5538,cfloryiv@rcn.com
Condo Fee,2018-11,300.00,300.00,5539,cfloryiv@rcn.com
Friday Takeout,2018-08,200.00,206.00,5540,cfloryiv@rcn.com
Auto Insurance,2018-11,105.00,100.00,5541,cfloryiv@rcn.com
Condo Fee,2018-09,300.00,300.00,5542,cfloryiv@rcn.com
Therapy,2018-09,135.00,135.00,5543,cfloryiv@rcn.com
Auto Expenses,2018-11,50.00,132.00,5544,cfloryiv@rcn.com
Web Hosting,2018-12,20.00,20.00,5545,cfloryiv@rcn.com
Auto Insurance,2018-12,105.00,100.00,5546,cfloryiv@rcn.com
Car Payment,2018-08,400.00,400.00,5547,cfloryiv@rcn.com
Web Hosting,2018-11,20.00,20.00,5548,cfloryiv@rcn.com
Web Hosting,2018-08,20.00,20.00,5549,cfloryiv@rcn.com
Groceries,2019-01,440.00,522.00,5550,cfloryiv@rcn.com
Health Insurance,2019-01,180.00,180.00,5551,cfloryiv@rcn.com
Credit Monitoring,2018-10,24.00,24.00,5552,cfloryiv@rcn.com
Cash,2018-10,200.00,300.00,5553,cfloryiv@rcn.com
Great Courses,2018-12,50.00,0.00,5554,cfloryiv@rcn.com
Gas,2018-08,100.00,73.00,5555,cfloryiv@rcn.com
Amonazon-Books,2018-10,400.00,435.00,5556,cfloryiv@rcn.com
Property Taxes,2019-01,150.00,150.00,5557,cfloryiv@rcn.com
Medicine,2018-11,100.00,55.00,5558,cfloryiv@rcn.com
Friday Takeout,2019-01,200.00,136.00,5559,cfloryiv@rcn.com
Auto Insurance,2019-01,105.00,100.00,5560,cfloryiv@rcn.com
Cleaning,2018-08,120.00,120.00,5561,cfloryiv@rcn.com
vacation,2018-08,100.00,100.00,5562,cfloryiv@rcn.com
Medicine,2019-01,100.00,25.00,5563,cfloryiv@rcn.com
Cell Phone,2018-09,73.00,73.00,5564,cfloryiv@rcn.com
Education,2018-08,90.00,90.00,5565,cfloryiv@rcn.com
vacation,2019-01,100.00,100.00,5566,cfloryiv@rcn.com
Amonazon-Books,2018-08,400.00,395.00,5567,cfloryiv@rcn.com
Groceries,2018-11,440.00,645.00,5568,cfloryiv@rcn.com
Groceries,2018-08,440.00,508.00,5569,cfloryiv@rcn.com
Condo Fee,2018-10,300.00,300.00,5570,cfloryiv@rcn.com
Car Payment,2018-11,400.00,400.00,5571,cfloryiv@rcn.com
Electronics,2018-12,200.00,-19.00,5572,cfloryiv@rcn.com
Gas,2018-09,100.00,43.00,5573,cfloryiv@rcn.com
Charites,2018-09,100.00,119.00,5574,cfloryiv@rcn.com
Credit Monitoring,2018-08,24.00,24.00,5575,cfloryiv@rcn.com
vacation,2018-12,100.00,100.00,5576,cfloryiv@rcn.com
Car Payment,2018-12,400.00,400.00,5577,cfloryiv@rcn.com
Web Hosting,2019-03,20.00,20.00,5578,cfloryiv@rcn.com
Groceries,2018-12,440.00,440.00,5579,cfloryiv@rcn.com
Medicine,2018-09,100.00,54.00,5580,cfloryiv@rcn.com
Electronics,2018-11,200.00,-171.00,5581,cfloryiv@rcn.com
Kathy,2018-11,50.00,355.00,5582,cfloryiv@rcn.com
Great Courses,2019-01,50.00,0.00,5583,cfloryiv@rcn.com
Cash,2018-12,200.00,200.00,5584,cfloryiv@rcn.com
Movies,2018-09,150.00,70.00,5585,cfloryiv@rcn.com
Friday Takeout,2018-12,200.00,307.00,5586,cfloryiv@rcn.com
Condo Fee,2018-12,300.00,300.00,5587,cfloryiv@rcn.com
Cleaning,2019-01,120.00,120.00,5588,cfloryiv@rcn.com
Amonazon-Books,2018-12,400.00,261.00,5589,cfloryiv@rcn.com
Electronics,2018-08,400.00,170.00,5590,cfloryiv@rcn.com
Cable TV,2018-11,159.00,159.00,5591,cfloryiv@rcn.com
vacation,2018-11,100.00,100.00,5592,cfloryiv@rcn.com
Electric Bill,2018-11,100.00,53.00,5593,cfloryiv@rcn.com
Gas,2018-12,100.00,86.00,5594,cfloryiv@rcn.com
Friday Takeout,2018-10,200.00,159.00,5595,cfloryiv@rcn.com
Auto Expenses,2018-10,50.00,50.00,5596,cfloryiv@rcn.com
Electric Bill,2018-10,100.00,75.00,5597,cfloryiv@rcn.com
Cash,2018-11,200.00,100.00,5598,cfloryiv@rcn.com
Property Taxes,2018-09,150.00,150.00,5599,cfloryiv@rcn.com
Gas,2018-11,100.00,80.00,5600,cfloryiv@rcn.com
Antivirus,2018-10,17.00,17.00,5601,cfloryiv@rcn.com
Auto Expenses,2018-09,50.00,73.00,5602,cfloryiv@rcn.com
Amonazon-Books,2018-09,400.00,339.00,5603,cfloryiv@rcn.com
Laundry,2018-09,20.00,20.00,5604,cfloryiv@rcn.com
Medicine,2018-12,100.00,112.00,5605,cfloryiv@rcn.com
Credit Monitoring,2019-01,24.00,24.00,5606,cfloryiv@rcn.com
Kathy,2018-09,150.00,0.00,5607,cfloryiv@rcn.com
Cable TV,2018-10,159.00,159.00,5608,cfloryiv@rcn.com
Friday Takeout,2018-09,200.00,184.00,5609,cfloryiv@rcn.com
Miscellaneous,2018-12,0.00,583.00,5610,cfloryiv@rcn.com
Health Insurance,2018-10,180.00,180.00,5611,cfloryiv@rcn.com
Property Taxes,2018-12,150.00,150.00,5612,cfloryiv@rcn.com
Laundry,2018-10,20.00,20.00,5613,cfloryiv@rcn.com
Movies,2018-10,150.00,40.00,5614,cfloryiv@rcn.com
Amonazon-Books,2018-11,400.00,219.00,5615,cfloryiv@rcn.com
Kathy,2018-12,50.00,170.00,5616,cfloryiv@rcn.com
Medicine,2018-10,100.00,91.00,5617,cfloryiv@rcn.com
Kathy,2019-01,0.00,915.00,5618,cfloryiv@rcn.com
Electronics,2019-01,200.00,593.00,5619,cfloryiv@rcn.com
Web Hosting,2019-01,20.00,20.00,5620,cfloryiv@rcn.com
Health Insurance,2018-11,180.00,180.00,5621,cfloryiv@rcn.com
Electric Bill,2019-01,100.00,56.00,5622,cfloryiv@rcn.com
Charites,2018-10,100.00,110.00,5623,cfloryiv@rcn.com
Auto Insurance,2018-08,105.00,105.00,5624,cfloryiv@rcn.com
Antivirus,2019-01,17.00,17.00,5625,cfloryiv@rcn.com
Electronics,2018-10,200.00,2187.00,5626,cfloryiv@rcn.com
Laundry,2018-12,20.00,20.00,5627,cfloryiv@rcn.com
Health Insurance,2018-12,180.00,209.00,5628,cfloryiv@rcn.com
Amonazon-Books,2019-01,400.00,1013.00,5629,cfloryiv@rcn.com
Electric Bill,2018-12,100.00,98.00,5630,cfloryiv@rcn.com
Great Courses,2018-09,50.00,40.00,5631,cfloryiv@rcn.com
Miscellaneous,2018-08,0.00,420.00,5632,cfloryiv@rcn.com
Auto Expenses,2018-08,50.00,50.00,5633,cfloryiv@rcn.com
Movies,2019-01,35.00,68.00,5634,cfloryiv@rcn.com
Web Hosting,2018-10,20.00,20.00,5635,cfloryiv@rcn.com
Kathy,2018-10,50.00,155.00,5636,cfloryiv@rcn.com
vacation,2019-03,100.00,100.00,5637,cfloryiv@rcn.com
Antivirus,2019-04,17.00,17.00,5638,cfloryiv@rcn.com
Auto Insurance,2019-09,105.00,105.00,5639,cfloryiv@rcn.com
Cable TV,2019-09,159.00,159.00,5640,cfloryiv@rcn.com
Car Payment,2019-09,400.00,400.00,5641,cfloryiv@rcn.com
Cash,2019-09,100.00,200.00,5642,cfloryiv@rcn.com
Cell Phone,2019-09,73.00,73.00,5643,cfloryiv@rcn.com
Charites,2019-09,100.00,168.00,5644,cfloryiv@rcn.com
Cleaning,2019-09,120.00,120.00,5645,cfloryiv@rcn.com
Condo Fee,2019-09,300.00,300.00,5646,cfloryiv@rcn.com
Credit Monitoring,2019-09,24.00,24.00,5647,cfloryiv@rcn.com
Education,2019-09,90.00,20.00,5648,cfloryiv@rcn.com
Electric Bill,2019-09,100.00,93.00,5649,cfloryiv@rcn.com
Auto Expenses,2019-09,50.00,75.00,5650,cfloryiv@rcn.com
Electronics,2019-09,200.00,529.00,5651,cfloryiv@rcn.com
Gas,2019-09,100.00,32.00,5652,cfloryiv@rcn.com
Great Courses,2019-09,50.00,0.00,5653,cfloryiv@rcn.com
Groceries,2019-09,440.00,539.00,5654,cfloryiv@rcn.com
Health Insurance,2019-09,45.00,37.00,5655,cfloryiv@rcn.com
Kathy,2019-09,0.00,0.00,5656,cfloryiv@rcn.com
Laundry,2019-09,20.00,20.00,5657,cfloryiv@rcn.com
Medicine,2019-09,100.00,60.00,5658,cfloryiv@rcn.com
Miscellaneous,2019-09,150.00,63.00,5659,cfloryiv@rcn.com
Movies,2019-09,35.00,35.00,5660,cfloryiv@rcn.com
Property Taxes,2019-09,150.00,150.00,5661,cfloryiv@rcn.com
Therapy,2019-09,70.00,75.00,5662,cfloryiv@rcn.com
Friday Takeout,2019-09,200.00,147.00,5663,cfloryiv@rcn.com
Antivirus,2019-09,17.00,17.00,5664,cfloryiv@rcn.com
Amonazon-Books,2019-09,400.00,1159.00,5665,cfloryiv@rcn.com
vacation,2019-08,100.00,100.00,5666,cfloryiv@rcn.com
Auto Expenses,2019-08,50.00,0.00,5667,cfloryiv@rcn.com
Auto Insurance,2019-08,105.00,100.00,5668,cfloryiv@rcn.com
Cable TV,2019-08,159.00,158.00,5669,cfloryiv@rcn.com
Car Payment,2019-08,400.00,400.00,5670,cfloryiv@rcn.com
Cash,2019-08,100.00,100.00,5671,cfloryiv@rcn.com
Cell Phone,2019-08,73.00,73.00,5672,cfloryiv@rcn.com
Charites,2019-08,100.00,136.00,5673,cfloryiv@rcn.com
Cleaning,2019-08,120.00,120.00,5674,cfloryiv@rcn.com
Condo Fee,2019-08,300.00,300.00,5675,cfloryiv@rcn.com
Credit Monitoring,2019-08,24.00,25.00,5676,cfloryiv@rcn.com
Education,2019-08,90.00,33.00,5677,cfloryiv@rcn.com
Electric Bill,2019-08,100.00,100.00,5678,cfloryiv@rcn.com
Electronics,2019-08,200.00,574.00,5679,cfloryiv@rcn.com
Friday Takeout,2019-08,200.00,251.00,5680,cfloryiv@rcn.com
Gas,2019-08,100.00,41.00,5681,cfloryiv@rcn.com
Great Courses,2019-08,50.00,60.00,5682,cfloryiv@rcn.com
Groceries,2019-08,440.00,473.00,5683,cfloryiv@rcn.com
Health Insurance,2019-08,45.00,82.00,5684,cfloryiv@rcn.com
Laundry,2019-08,20.00,20.00,5685,cfloryiv@rcn.com
Medicine,2019-08,100.00,308.00,5686,cfloryiv@rcn.com
Miscellaneous,2019-08,150.00,-182.00,5687,cfloryiv@rcn.com
Movies,2019-08,35.00,56.00,5688,cfloryiv@rcn.com
Property Taxes,2019-08,150.00,150.00,5689,cfloryiv@rcn.com
Therapy,2019-08,70.00,55.00,5690,cfloryiv@rcn.com
Web Hosting,2019-08,20.00,20.00,5691,cfloryiv@rcn.com
Web Hosting,2019-09,20.00,20.00,5692,cfloryiv@rcn.com
vacation,2019-09,100.00,100.00,5693,cfloryiv@rcn.com
Amonazon-Books,2019-10,400.00,762.00,5694,cfloryiv@rcn.com
Antivirus,2019-10,17.00,17.00,5695,cfloryiv@rcn.com
Auto Expenses,2019-11,50.00,0.00,5696,cfloryiv@rcn.com
Auto Insurance,2019-11,105.00,100.00,5697,cfloryiv@rcn.com
Cable TV,2019-11,159.00,159.00,5698,cfloryiv@rcn.com
Car Payment,2019-11,400.00,400.00,5699,cfloryiv@rcn.com
Cash,2019-11,100.00,100.00,5700,cfloryiv@rcn.com
Cell Phone,2019-11,73.00,73.00,5701,cfloryiv@rcn.com
Charites,2019-11,100.00,182.00,5702,cfloryiv@rcn.com
Cleaning,2019-11,120.00,120.00,5703,cfloryiv@rcn.com
Condo Fee,2019-11,300.00,300.00,5704,cfloryiv@rcn.com
Credit Monitoring,2019-11,24.00,24.00,5705,cfloryiv@rcn.com
Education,2019-11,90.00,20.00,5706,cfloryiv@rcn.com
Electric Bill,2019-11,100.00,55.00,5707,cfloryiv@rcn.com
Electronics,2019-11,200.00,1024.00,5708,cfloryiv@rcn.com
Friday Takeout,2019-11,200.00,203.00,5709,cfloryiv@rcn.com
Gas,2019-11,100.00,46.00,5710,cfloryiv@rcn.com
Great Courses,2019-11,50.00,0.00,5711,cfloryiv@rcn.com
Groceries,2019-11,440.00,556.00,5712,cfloryiv@rcn.com
Health Insurance,2019-11,45.00,-12.00,5713,cfloryiv@rcn.com
Laundry,2019-11,20.00,20.00,5714,cfloryiv@rcn.com
Medicine,2019-11,100.00,375.00,5715,cfloryiv@rcn.com
Miscellaneous,2019-11,150.00,779.00,5716,cfloryiv@rcn.com
Movies,2019-11,35.00,63.00,5717,cfloryiv@rcn.com
Property Taxes,2019-11,150.00,150.00,5718,cfloryiv@rcn.com
Therapy,2019-11,70.00,75.00,5719,cfloryiv@rcn.com
Web Hosting,2019-11,20.00,20.00,5720,cfloryiv@rcn.com
Antivirus,2019-11,17.00,17.00,5721,cfloryiv@rcn.com
Antivirus,2019-08,17.00,17.00,5722,cfloryiv@rcn.com
Amonazon-Books,2019-11,400.00,1737.00,5723,cfloryiv@rcn.com
Web Hosting,2019-10,20.00,20.00,5724,cfloryiv@rcn.com
Auto Expenses,2019-10,50.00,0.00,5725,cfloryiv@rcn.com
Auto Insurance,2019-10,105.00,100.00,5726,cfloryiv@rcn.com
Cable TV,2019-10,159.00,159.00,5727,cfloryiv@rcn.com
Car Payment,2019-10,400.00,400.00,5728,cfloryiv@rcn.com
Cash,2019-10,100.00,100.00,5729,cfloryiv@rcn.com
Cell Phone,2019-10,73.00,73.00,5730,cfloryiv@rcn.com
Charites,2019-10,100.00,184.00,5731,cfloryiv@rcn.com
Cleaning,2019-10,120.00,120.00,5732,cfloryiv@rcn.com
Condo Fee,2019-10,300.00,300.00,5733,cfloryiv@rcn.com
Credit Monitoring,2019-10,24.00,24.00,5734,cfloryiv@rcn.com
Education,2019-10,90.00,32.00,5735,cfloryiv@rcn.com
Electric Bill,2019-10,100.00,78.00,5736,cfloryiv@rcn.com
Electronics,2019-10,200.00,155.00,5737,cfloryiv@rcn.com
Friday Takeout,2019-10,200.00,163.00,5738,cfloryiv@rcn.com
Gas,2019-10,100.00,55.00,5739,cfloryiv@rcn.com
Great Courses,2019-10,50.00,0.00,5740,cfloryiv@rcn.com
Groceries,2019-10,440.00,399.00,5741,cfloryiv@rcn.com
Health Insurance,2019-10,45.00,37.00,5742,cfloryiv@rcn.com
Kathy,2019-10,0.00,0.00,5743,cfloryiv@rcn.com
Laundry,2019-10,20.00,20.00,5744,cfloryiv@rcn.com
Medicine,2019-10,100.00,3.00,5745,cfloryiv@rcn.com
Miscellaneous,2019-10,150.00,262.00,5746,cfloryiv@rcn.com
Movies,2019-10,35.00,45.00,5747,cfloryiv@rcn.com
Property Taxes,2019-10,150.00,150.00,5748,cfloryiv@rcn.com
Therapy,2019-10,70.00,125.00,5749,cfloryiv@rcn.com
vacation,2019-10,100.00,0.00,5750,cfloryiv@rcn.com
Amonazon-Books,2019-08,400.00,767.00,5751,cfloryiv@rcn.com
vacation,2019-07,100.00,100.00,5752,cfloryiv@rcn.com
Web Hosting,2019-07,20.00,20.00,5753,cfloryiv@rcn.com
Auto Expenses,2019-05,50.00,0.00,5754,cfloryiv@rcn.com
Auto Insurance,2019-05,105.00,105.00,5755,cfloryiv@rcn.com
Cable TV,2019-05,159.00,148.00,5756,cfloryiv@rcn.com
Car Payment,2019-05,400.00,400.00,5757,cfloryiv@rcn.com
Cash,2019-05,200.00,200.00,5758,cfloryiv@rcn.com
Cell Phone,2019-05,73.00,73.00,5759,cfloryiv@rcn.com
Charites,2019-05,100.00,147.00,5760,cfloryiv@rcn.com
Cleaning,2019-05,120.00,120.00,5761,cfloryiv@rcn.com
Condo Fee,2019-05,300.00,300.00,5762,cfloryiv@rcn.com
Credit Monitoring,2019-05,24.00,24.00,5763,cfloryiv@rcn.com
Education,2019-05,90.00,0.00,5764,cfloryiv@rcn.com
Electric Bill,2019-05,100.00,54.00,5765,cfloryiv@rcn.com
Electronics,2019-05,200.00,1182.00,5766,cfloryiv@rcn.com
Friday Takeout,2019-05,200.00,165.00,5767,cfloryiv@rcn.com
Gas,2019-05,100.00,71.00,5768,cfloryiv@rcn.com
Great Courses,2019-05,50.00,0.00,5769,cfloryiv@rcn.com
Groceries,2019-05,440.00,474.00,5770,cfloryiv@rcn.com
Health Insurance,2019-05,180.00,93.00,5771,cfloryiv@rcn.com
Kathy,2019-05,0.00,0.00,5772,cfloryiv@rcn.com
Laundry,2019-05,20.00,20.00,5773,cfloryiv@rcn.com
Medicine,2019-05,100.00,24.00,5774,cfloryiv@rcn.com
Miscellaneous,2019-05,0.00,100.00,5775,cfloryiv@rcn.com
Movies,2019-05,35.00,65.00,5776,cfloryiv@rcn.com
Property Taxes,2019-05,150.00,150.00,5777,cfloryiv@rcn.com
Therapy,2019-05,135.00,93.00,5778,cfloryiv@rcn.com
Antivirus,2019-05,17.00,17.00,5779,cfloryiv@rcn.com
Web Hosting,2019-05,20.00,20.00,5780,cfloryiv@rcn.com
Amonazon-Books,2019-05,400.00,442.00,5781,cfloryiv@rcn.com
Web Hosting,2019-04,20.00,20.00,5782,cfloryiv@rcn.com
Auto Expenses,2019-04,50.00,142.00,5783,cfloryiv@rcn.com
Auto Insurance,2019-04,105.00,105.00,5784,cfloryiv@rcn.com
Cable TV,2019-04,159.00,159.00,5785,cfloryiv@rcn.com
Car Payment,2019-04,400.00,400.00,5786,cfloryiv@rcn.com
Cash,2019-04,200.00,0.00,5787,cfloryiv@rcn.com
Cell Phone,2019-04,73.00,137.00,5788,cfloryiv@rcn.com
Charites,2019-04,100.00,151.00,5789,cfloryiv@rcn.com
Cleaning,2019-04,120.00,120.00,5790,cfloryiv@rcn.com
Condo Fee,2019-04,300.00,300.00,5791,cfloryiv@rcn.com
Credit Monitoring,2019-04,24.00,24.00,5792,cfloryiv@rcn.com
Education,2019-04,90.00,46.00,5793,cfloryiv@rcn.com
Electric Bill,2019-04,100.00,54.00,5794,cfloryiv@rcn.com
Electronics,2019-04,200.00,386.00,5795,cfloryiv@rcn.com
Friday Takeout,2019-04,200.00,144.00,5796,cfloryiv@rcn.com
Gas,2019-04,100.00,42.00,5797,cfloryiv@rcn.com
Great Courses,2019-04,50.00,60.00,5798,cfloryiv@rcn.com
Groceries,2019-04,440.00,552.00,5799,cfloryiv@rcn.com
Health Insurance,2019-04,180.00,214.00,5800,cfloryiv@rcn.com
Kathy,2019-04,0.00,0.00,5801,cfloryiv@rcn.com
Laundry,2019-04,20.00,20.00,5802,cfloryiv@rcn.com
Medicine,2019-04,100.00,103.00,5803,cfloryiv@rcn.com
Miscellaneous,2019-04,0.00,0.00,5804,cfloryiv@rcn.com
Movies,2019-04,35.00,35.00,5805,cfloryiv@rcn.com
Property Taxes,2019-04,150.00,150.00,5806,cfloryiv@rcn.com
Therapy,2019-04,135.00,68.00,5807,cfloryiv@rcn.com
vacation,2019-04,100.00,100.00,5808,cfloryiv@rcn.com
Amonazon-Books,2019-04,400.00,421.00,5809,cfloryiv@rcn.com
vacation,2019-05,100.00,100.00,5810,cfloryiv@rcn.com
Antivirus,2019-06,17.00,17.00,5811,cfloryiv@rcn.com
Auto Expenses,2019-07,50.00,0.00,5812,cfloryiv@rcn.com
Auto Insurance,2019-07,105.00,105.00,5813,cfloryiv@rcn.com
Cable TV,2019-07,159.00,159.00,5814,cfloryiv@rcn.com
Car Payment,2019-07,400.00,400.00,5815,cfloryiv@rcn.com
Cash,2019-07,100.00,100.00,5816,cfloryiv@rcn.com
Cell Phone,2019-07,73.00,73.00,5817,cfloryiv@rcn.com
Charites,2019-07,100.00,110.00,5818,cfloryiv@rcn.com
Cleaning,2019-07,120.00,120.00,5819,cfloryiv@rcn.com
Condo Fee,2019-07,300.00,300.00,5820,cfloryiv@rcn.com
Credit Monitoring,2019-07,24.00,24.00,5821,cfloryiv@rcn.com
Education,2019-07,90.00,23.00,5822,cfloryiv@rcn.com
Electric Bill,2019-07,100.00,106.00,5823,cfloryiv@rcn.com
Electronics,2019-07,200.00,179.00,5824,cfloryiv@rcn.com
Friday Takeout,2019-07,200.00,170.00,5825,cfloryiv@rcn.com
Gas,2019-07,100.00,36.00,5826,cfloryiv@rcn.com
Great Courses,2019-07,50.00,60.00,5827,cfloryiv@rcn.com
Groceries,2019-07,440.00,432.00,5828,cfloryiv@rcn.com
Health Insurance,2019-07,45.00,40.00,5829,cfloryiv@rcn.com
Kathy,2019-07,0.00,0.00,5830,cfloryiv@rcn.com
Laundry,2019-07,20.00,20.00,5831,cfloryiv@rcn.com
Medicine,2019-07,100.00,24.00,5832,cfloryiv@rcn.com
Miscellaneous,2019-07,150.00,271.00,5833,cfloryiv@rcn.com
Movies,2019-07,35.00,35.00,5834,cfloryiv@rcn.com
Property Taxes,2019-07,150.00,150.00,5835,cfloryiv@rcn.com
Therapy,2019-07,70.00,68.00,5836,cfloryiv@rcn.com
Antivirus,2019-07,17.00,17.00,5837,cfloryiv@rcn.com
Amonazon-Books,2019-06,400.00,372.00,5838,cfloryiv@rcn.com
Amonazon-Books,2019-07,400.00,595.00,5839,cfloryiv@rcn.com
vacation,2019-06,100.00,100.00,5840,cfloryiv@rcn.com
Auto Expenses,2019-06,50.00,0.00,5841,cfloryiv@rcn.com
Auto Insurance,2019-06,105.00,105.00,5842,cfloryiv@rcn.com
Cable TV,2019-06,159.00,159.00,5843,cfloryiv@rcn.com
Car Payment,2019-06,400.00,400.00,5844,cfloryiv@rcn.com
Cash,2019-06,100.00,100.00,5845,cfloryiv@rcn.com
Cell Phone,2019-06,73.00,73.00,5846,cfloryiv@rcn.com
Charites,2019-06,100.00,199.00,5847,cfloryiv@rcn.com
Cleaning,2019-06,120.00,120.00,5848,cfloryiv@rcn.com
Condo Fee,2019-06,300.00,300.00,5849,cfloryiv@rcn.com
Credit Monitoring,2019-06,24.00,24.00,5850,cfloryiv@rcn.com
Education,2019-06,90.00,30.00,5851,cfloryiv@rcn.com
Electric Bill,2019-06,100.00,71.00,5852,cfloryiv@rcn.com
Electronics,2019-06,200.00,1002.00,5853,cfloryiv@rcn.com
Friday Takeout,2019-06,200.00,263.00,5854,cfloryiv@rcn.com
Gas,2019-06,100.00,41.00,5855,cfloryiv@rcn.com
Great Courses,2019-06,50.00,0.00,5856,cfloryiv@rcn.com
Health Insurance,2019-06,45.00,37.00,5857,cfloryiv@rcn.com
Kathy,2019-06,0.00,0.00,5858,cfloryiv@rcn.com
Laundry,2019-06,20.00,20.00,5859,cfloryiv@rcn.com
Medicine,2019-06,100.00,95.00,5860,cfloryiv@rcn.com
Miscellaneous,2019-06,150.00,788.00,5861,cfloryiv@rcn.com
Movies,2019-06,35.00,35.00,5862,cfloryiv@rcn.com
Property Taxes,2019-06,150.00,150.00,5863,cfloryiv@rcn.com
Therapy,2019-06,70.00,68.00,5864,cfloryiv@rcn.com
Web Hosting,2019-06,20.00,20.00,5865,cfloryiv@rcn.com
Groceries,2019-06,440.00,513.00,5866,cfloryiv@rcn.com
Movies,2018-08,150.00,89.00,5867,cfloryiv@rcn.com
Amazon-Books,2019-12,400.00,703.00,6407,cfloryiv@rcn.com
Antivirus,2019-12,17.00,17.00,6408,cfloryiv@rcn.com
Auto Expenses,2019-12,50.00,875.00,6409,cfloryiv@rcn.com
Auto Insurance,2019-12,105.00,100.00,6410,cfloryiv@rcn.com
Cable TV,2019-12,159.00,187.00,6411,cfloryiv@rcn.com
Cash,2019-12,100.00,100.00,6412,cfloryiv@rcn.com
Cell Phone,2019-12,73.00,223.00,6413,cfloryiv@rcn.com
Charites,2019-12,100.00,140.00,6414,cfloryiv@rcn.com
Cleaning,2019-12,120.00,70.00,6415,cfloryiv@rcn.com
Condo Fee,2019-12,300.00,300.00,6416,cfloryiv@rcn.com
Credit Monitoring,2019-12,24.00,24.00,6417,cfloryiv@rcn.com
Education,2019-12,90.00,0.00,6418,cfloryiv@rcn.com
Electric Bill,2019-12,100.00,52.00,6419,cfloryiv@rcn.com
Electronics,2019-12,200.00,428.00,6420,cfloryiv@rcn.com
Friday Takeout,2019-12,200.00,139.00,6421,cfloryiv@rcn.com
Gas,2019-12,100.00,50.00,6422,cfloryiv@rcn.com
Great Courses,2019-12,0.00,0.00,6423,cfloryiv@rcn.com
Groceries,2019-12,440.00,517.00,6424,cfloryiv@rcn.com
Health Insurance,2019-12,45.00,34.00,6425,cfloryiv@rcn.com
Laundry,2019-12,20.00,20.00,6426,cfloryiv@rcn.com
Medicine,2019-12,100.00,19.00,6427,cfloryiv@rcn.com
Miscellaneous,2019-12,200.00,315.00,6428,cfloryiv@rcn.com
Movies,2019-12,35.00,35.00,6429,cfloryiv@rcn.com
Property Taxes,2019-12,150.00,150.00,6430,cfloryiv@rcn.com
Therapy,2019-12,70.00,75.00,6431,cfloryiv@rcn.com
vacation,2019-12,100.00,0.00,6432,cfloryiv@rcn.com
Web Hosting,2019-12,20.00,20.00,6433,cfloryiv@rcn.com
Savings,2019-12,400.00,0.00,6434,cfloryiv@rcn.com
Amazon-Books,2020-01,400.00,1104.00,6435,cfloryiv@rcn.com
Antivirus,2020-01,17.00,17.00,6436,cfloryiv@rcn.com
Auto Expenses,2020-01,50.00,60.00,6437,cfloryiv@rcn.com
Auto Insurance,2020-01,105.00,100.00,6438,cfloryiv@rcn.com
Cable TV,2020-01,100.00,30.00,6439,cfloryiv@rcn.com
Cash,2020-01,100.00,0.00,6440,cfloryiv@rcn.com
Cell Phone,2020-01,50.00,50.00,6441,cfloryiv@rcn.com
Charites,2020-01,100.00,253.00,6442,cfloryiv@rcn.com
Cleaning,2020-01,120.00,120.00,6443,cfloryiv@rcn.com
Condo Fee,2020-01,300.00,300.00,6444,cfloryiv@rcn.com
Credit Monitoring,2020-01,24.00,24.00,6445,cfloryiv@rcn.com
Education,2020-01,90.00,54.00,6446,cfloryiv@rcn.com
Electric Bill,2020-01,100.00,61.00,6447,cfloryiv@rcn.com
Electronics,2020-01,300.00,500.00,6448,cfloryiv@rcn.com
Friday Takeout,2020-01,200.00,152.00,6449,cfloryiv@rcn.com
Gas,2020-01,100.00,32.00,6450,cfloryiv@rcn.com
Great Courses,2020-01,0.00,0.00,6451,cfloryiv@rcn.com
Groceries,2020-01,440.00,454.00,6452,cfloryiv@rcn.com
Health Insurance,2020-01,45.00,62.00,6453,cfloryiv@rcn.com
Laundry,2020-01,20.00,20.00,6454,cfloryiv@rcn.com
Medicine,2020-01,100.00,344.00,6455,cfloryiv@rcn.com
Miscellaneous,2020-01,275.00,579.00,6456,cfloryiv@rcn.com
Movies,2020-01,35.00,70.00,6457,cfloryiv@rcn.com
Property Taxes,2020-01,150.00,150.00,6458,cfloryiv@rcn.com
Savings,2020-01,400.00,0.00,6459,cfloryiv@rcn.com
Therapy,2020-01,70.00,43.00,6460,cfloryiv@rcn.com
vacation,2020-01,100.00,0.00,6461,cfloryiv@rcn.com
Web Hosting,2020-01,20.00,20.00,6462,cfloryiv@rcn.com
Amazon-Books,2020-02,400.00,875.00,6463,cfloryiv@rcn.com
Antivirus,2020-02,17.00,17.00,6464,cfloryiv@rcn.com
Auto Expenses,2020-02,50.00,89.00,6465,cfloryiv@rcn.com
Auto Insurance,2020-02,105.00,100.00,6466,cfloryiv@rcn.com
Cable TV,2020-02,100.00,113.00,6467,cfloryiv@rcn.com
Cash,2020-02,100.00,100.00,6468,cfloryiv@rcn.com
Cell Phone,2020-02,50.00,50.00,6469,cfloryiv@rcn.com
Charites,2020-02,100.00,173.00,6470,cfloryiv@rcn.com
Cleaning,2020-02,120.00,120.00,6471,cfloryiv@rcn.com
Condo Fee,2020-02,300.00,300.00,6472,cfloryiv@rcn.com
Credit Monitoring,2020-02,24.00,24.00,6473,cfloryiv@rcn.com
Education,2020-02,90.00,24.00,6474,cfloryiv@rcn.com
Electric Bill,2020-02,100.00,0.00,6475,cfloryiv@rcn.com
Electronics,2020-02,300.00,148.00,6476,cfloryiv@rcn.com
Friday Takeout,2020-02,200.00,128.00,6477,cfloryiv@rcn.com
Gas,2020-02,100.00,30.00,6478,cfloryiv@rcn.com
Great Courses,2020-02,0.00,0.00,6479,cfloryiv@rcn.com
Groceries,2020-02,440.00,461.00,6480,cfloryiv@rcn.com
Health Insurance,2020-02,45.00,98.00,6481,cfloryiv@rcn.com
Laundry,2020-02,20.00,20.00,6482,cfloryiv@rcn.com
Medicine,2020-02,100.00,242.00,6483,cfloryiv@rcn.com
Miscellaneous,2020-02,275.00,168.00,6484,cfloryiv@rcn.com
Property Taxes,2020-02,150.00,226.00,6485,cfloryiv@rcn.com
Savings,2020-02,400.00,0.00,6486,cfloryiv@rcn.com
Therapy,2020-02,70.00,68.00,6487,cfloryiv@rcn.com
vacation,2020-02,100.00,0.00,6488,cfloryiv@rcn.com
Movies,2020-02,35.00,46.00,6489,cfloryiv@rcn.com
Amazon-Books,2020-03,400.00,378.00,6490,cfloryiv@rcn.com
Antivirus,2020-03,17.00,17.00,6491,cfloryiv@rcn.com
Auto Expenses,2020-03,50.00,665.00,6492,cfloryiv@rcn.com
Auto Insurance,2020-03,105.00,105.00,6493,cfloryiv@rcn.com
Cable TV,2020-03,100.00,172.00,6494,cfloryiv@rcn.com
Cash,2020-03,100.00,100.00,6495,cfloryiv@rcn.com
Cell Phone,2020-03,50.00,50.00,6496,cfloryiv@rcn.com
Charites,2020-03,100.00,194.00,6497,cfloryiv@rcn.com
Cleaning,2020-03,120.00,120.00,6498,cfloryiv@rcn.com
Condo Fee,2020-03,300.00,300.00,6499,cfloryiv@rcn.com
Credit Monitoring,2020-03,24.00,24.00,6500,cfloryiv@rcn.com
Education,2020-03,90.00,12.00,6501,cfloryiv@rcn.com
Electric Bill,2020-03,100.00,61.00,6502,cfloryiv@rcn.com
Electronics,2020-03,300.00,344.00,6503,cfloryiv@rcn.com
Friday Takeout,2020-03,200.00,176.00,6504,cfloryiv@rcn.com
Gas,2020-03,100.00,43.00,6505,cfloryiv@rcn.com
Great Courses,2020-03,0.00,0.00,6506,cfloryiv@rcn.com
Groceries,2020-03,440.00,535.00,6507,cfloryiv@rcn.com
Health Insurance,2020-03,45.00,45.00,6508,cfloryiv@rcn.com
Laundry,2020-03,20.00,20.00,6509,cfloryiv@rcn.com
Medicine,2020-03,100.00,0.00,6510,cfloryiv@rcn.com
Miscellaneous,2020-03,275.00,309.00,6511,cfloryiv@rcn.com
Movies,2020-03,35.00,39.00,6512,cfloryiv@rcn.com
Property Taxes,2020-03,150.00,150.00,6513,cfloryiv@rcn.com
Savings,2020-03,400.00,0.00,6514,cfloryiv@rcn.com
Therapy,2020-03,70.00,100.00,6515,cfloryiv@rcn.com
vacation,2020-03,100.00,0.00,6516,cfloryiv@rcn.com
Amazon-Books,2020-04,400.00,692.00,6517,cfloryiv@rcn.com
Antivirus,2020-04,17.00,17.00,6518,cfloryiv@rcn.com
Auto Expenses,2020-04,50.00,0.00,6519,cfloryiv@rcn.com
Auto Insurance,2020-04,105.00,105.00,6520,cfloryiv@rcn.com
Cable TV,2020-04,100.00,177.00,6521,cfloryiv@rcn.com
Cash,2020-04,100.00,100.00,6522,cfloryiv@rcn.com
Cell Phone,2020-04,50.00,50.00,6523,cfloryiv@rcn.com
Charites,2020-04,100.00,174.00,6524,cfloryiv@rcn.com
Cleaning,2020-04,120.00,120.00,6525,cfloryiv@rcn.com
Condo Fee,2020-04,300.00,615.00,6526,cfloryiv@rcn.com
Credit Monitoring,2020-04,24.00,24.00,6527,cfloryiv@rcn.com
Education,2020-04,90.00,11.00,6528,cfloryiv@rcn.com
Electric Bill,2020-04,100.00,50.00,6529,cfloryiv@rcn.com
Electronics,2020-04,300.00,543.00,6530,cfloryiv@rcn.com
Friday Takeout,2020-04,200.00,175.00,6531,cfloryiv@rcn.com
Gas,2020-04,100.00,11.00,6532,cfloryiv@rcn.com
Great Courses,2020-04,0.00,0.00,6533,cfloryiv@rcn.com
Groceries,2020-04,440.00,435.00,6534,cfloryiv@rcn.com
Health Insurance,2020-04,45.00,37.00,6535,cfloryiv@rcn.com
Laundry,2020-04,20.00,20.00,6536,cfloryiv@rcn.com
Medicine,2020-04,100.00,94.00,6537,cfloryiv@rcn.com
Miscellaneous,2020-04,275.00,-3217.00,6538,cfloryiv@rcn.com
Movies,2020-04,35.00,0.00,6539,cfloryiv@rcn.com
Property Taxes,2020-04,150.00,150.00,6540,cfloryiv@rcn.com
Savings,2020-04,400.00,2000.00,6541,cfloryiv@rcn.com
Therapy,2020-04,70.00,25.00,6542,cfloryiv@rcn.com
vacation,2020-04,100.00,0.00,6543,cfloryiv@rcn.com
Amazon-Books,2020-05,400.00,990.00,6544,cfloryiv@rcn.com
Antivirus,2020-05,17.00,17.00,6545,cfloryiv@rcn.com
Auto Expenses,2020-05,50.00,0.00,6546,cfloryiv@rcn.com
Auto Insurance,2020-05,105.00,105.00,6547,cfloryiv@rcn.com
Cable TV,2020-05,100.00,103.00,6548,cfloryiv@rcn.com
Cash,2020-05,100.00,100.00,6549,cfloryiv@rcn.com
Cell Phone,2020-05,50.00,50.00,6550,cfloryiv@rcn.com
Charites,2020-05,100.00,148.00,6551,cfloryiv@rcn.com
Cleaning,2020-05,120.00,120.00,6552,cfloryiv@rcn.com
Condo Fee,2020-05,300.00,0.00,6553,cfloryiv@rcn.com
Credit Monitoring,2020-05,24.00,24.00,6554,cfloryiv@rcn.com
Education,2020-05,90.00,112.00,6555,cfloryiv@rcn.com
Electric Bill,2020-05,100.00,45.00,6556,cfloryiv@rcn.com
Electronics,2020-05,300.00,997.00,6557,cfloryiv@rcn.com
Friday Takeout,2020-05,200.00,201.00,6558,cfloryiv@rcn.com
Gas,2020-05,100.00,13.00,6559,cfloryiv@rcn.com
Great Courses,2020-05,0.00,0.00,6560,cfloryiv@rcn.com
Groceries,2020-05,440.00,708.00,6561,cfloryiv@rcn.com
Health Insurance,2020-05,45.00,37.00,6562,cfloryiv@rcn.com
Laundry,2020-05,20.00,20.00,6563,cfloryiv@rcn.com
Medicine,2020-05,100.00,608.00,6564,cfloryiv@rcn.com
Miscellaneous,2020-05,275.00,164.00,6565,cfloryiv@rcn.com
Movies,2020-05,35.00,0.00,6566,cfloryiv@rcn.com
Property Taxes,2020-05,150.00,150.00,6567,cfloryiv@rcn.com
Savings,2020-05,400.00,0.00,6568,cfloryiv@rcn.com
Therapy,2020-05,70.00,50.00,6569,cfloryiv@rcn.com
vacation,2020-05,100.00,0.00,6570,cfloryiv@rcn.com
Amazon-Books,2020-06,400.00,538.00,6571,cfloryiv@rcn.com
Antivirus,2020-06,17.00,17.00,6572,cfloryiv@rcn.com
Auto Expenses,2020-06,50.00,0.00,6573,cfloryiv@rcn.com
Auto Insurance,2020-06,105.00,105.00,6574,cfloryiv@rcn.com
Cable TV,2020-06,100.00,163.00,6575,cfloryiv@rcn.com
Cash,2020-06,100.00,100.00,6576,cfloryiv@rcn.com
Cell Phone,2020-06,50.00,50.00,6577,cfloryiv@rcn.com
Charites,2020-06,100.00,135.00,6578,cfloryiv@rcn.com
Cleaning,2020-06,120.00,120.00,6579,cfloryiv@rcn.com
Condo Fee,2020-06,300.00,300.00,6580,cfloryiv@rcn.com
Credit Monitoring,2020-06,24.00,24.00,6581,cfloryiv@rcn.com
Education,2020-06,90.00,29.00,6582,cfloryiv@rcn.com
Electric Bill,2020-06,100.00,69.00,6583,cfloryiv@rcn.com
Electronics,2020-06,300.00,512.00,6584,cfloryiv@rcn.com
Friday Takeout,2020-06,200.00,188.00,6585,cfloryiv@rcn.com
Gas,2020-06,100.00,12.00,6586,cfloryiv@rcn.com
Great Courses,2020-06,0.00,0.00,6587,cfloryiv@rcn.com
Groceries,2020-06,440.00,966.00,6588,cfloryiv@rcn.com
Health Insurance,2020-06,45.00,54.00,6589,cfloryiv@rcn.com
Laundry,2020-06,20.00,30.00,6590,cfloryiv@rcn.com
Medicine,2020-06,100.00,408.00,6591,cfloryiv@rcn.com
Miscellaneous,2020-06,275.00,113.00,6592,cfloryiv@rcn.com
Movies,2020-06,35.00,0.00,6593,cfloryiv@rcn.com
Property Taxes,2020-06,150.00,150.00,6594,cfloryiv@rcn.com
Savings,2020-06,400.00,0.00,6595,cfloryiv@rcn.com
Therapy,2020-06,70.00,68.00,6596,cfloryiv@rcn.com
vacation,2020-06,100.00,0.00,6597,cfloryiv@rcn.com
Amazon-Books,2020-07,400.00,275.00,6598,cfloryiv@rcn.com
Antivirus,2020-07,17.00,17.00,6599,cfloryiv@rcn.com
Auto Expenses,2020-07,50.00,0.00,6600,cfloryiv@rcn.com
Auto Insurance,2020-07,105.00,105.00,6601,cfloryiv@rcn.com
Cable TV,2020-07,100.00,168.00,6602,cfloryiv@rcn.com
Cash,2020-07,100.00,0.00,6603,cfloryiv@rcn.com
Cell Phone,2020-07,50.00,50.00,6604,cfloryiv@rcn.com
Charites,2020-07,100.00,124.00,6605,cfloryiv@rcn.com
Cleaning,2020-07,120.00,120.00,6606,cfloryiv@rcn.com
Condo Fee,2020-07,300.00,300.00,6607,cfloryiv@rcn.com
Credit Monitoring,2020-07,24.00,24.00,6608,cfloryiv@rcn.com
Education,2020-07,90.00,29.00,6609,cfloryiv@rcn.com
Electric Bill,2020-07,100.00,120.00,6610,cfloryiv@rcn.com
Electronics,2020-07,300.00,-2416.22,6611,cfloryiv@rcn.com
Friday Takeout,2020-07,200.00,184.00,6612,cfloryiv@rcn.com
Gas,2020-07,100.00,48.00,6613,cfloryiv@rcn.com
Great Courses,2020-07,0.00,0.00,6614,cfloryiv@rcn.com
Groceries,2020-07,440.00,507.00,6615,cfloryiv@rcn.com
Health Insurance,2020-07,45.00,90.00,6616,cfloryiv@rcn.com
Laundry,2020-07,20.00,40.00,6617,cfloryiv@rcn.com
Medicine,2020-07,100.00,310.00,6618,cfloryiv@rcn.com
Miscellaneous,2020-07,275.00,158.00,6619,cfloryiv@rcn.com
Movies,2020-07,35.00,0.00,6620,cfloryiv@rcn.com
Property Taxes,2020-07,150.00,150.00,6621,cfloryiv@rcn.com
Savings,2020-07,400.00,2000.00,6622,cfloryiv@rcn.com
Therapy,2020-07,70.00,25.00,6623,cfloryiv@rcn.com
vacation,2020-07,100.00,0.00,6624,cfloryiv@rcn.com
Amazon-Books,2020-08,400.00,344.00,6625,cfloryiv@rcn.com
Antivirus,2020-08,17.00,20.00,6626,cfloryiv@rcn.com
Auto Expenses,2020-08,50.00,0.00,6627,cfloryiv@rcn.com
Auto Insurance,2020-08,105.00,105.00,6628,cfloryiv@rcn.com
Cable TV,2020-08,100.00,80.00,6629,cfloryiv@rcn.com
Cash,2020-08,100.00,200.00,6630,cfloryiv@rcn.com
Cell Phone,2020-08,50.00,50.00,6631,cfloryiv@rcn.com
Charites,2020-08,100.00,247.00,6632,cfloryiv@rcn.com
Cleaning,2020-08,120.00,120.00,6633,cfloryiv@rcn.com
Condo Fee,2020-08,300.00,300.00,6634,cfloryiv@rcn.com
Credit Monitoring,2020-08,24.00,24.00,6635,cfloryiv@rcn.com
Education,2020-08,90.00,29.00,6636,cfloryiv@rcn.com
Electric Bill,2020-08,100.00,109.00,6637,cfloryiv@rcn.com
Electronics,2020-08,300.00,0.00,6638,cfloryiv@rcn.com
Friday Takeout,2020-08,200.00,199.00,6639,cfloryiv@rcn.com
Gas,2020-08,100.00,37.00,6640,cfloryiv@rcn.com
Groceries,2020-08,440.00,647.00,6641,cfloryiv@rcn.com
Health Insurance,2020-08,45.00,191.00,6642,cfloryiv@rcn.com
Laundry,2020-08,20.00,0.00,6643,cfloryiv@rcn.com
Medicine,2020-08,100.00,340.00,6644,cfloryiv@rcn.com
Miscellaneous,2020-08,275.00,11.00,6645,cfloryiv@rcn.com
Property Taxes,2020-08,150.00,150.00,6646,cfloryiv@rcn.com
Savings,2020-08,400.00,1000.00,6647,cfloryiv@rcn.com
Therapy,2020-08,70.00,100.00,6648,cfloryiv@rcn.com
vacation,2020-08,100.00,0.00,6649,cfloryiv@rcn.com
Online Sales,2020-08,0.00,-873.49,6650,cfloryiv@rcn.com
Strips,2020-08,0.00,6.00,6651,cfloryiv@rcn.com
Music Lessons,2020-08,0.00,309.00,6652,cfloryiv@rcn.com
Amazon-Books,2020-09,400.00,90.00,7652,cfloryiv@rcn.com
Antivirus,2020-09,17.00,15.00,7653,cfloryiv@rcn.com
Auto Expenses,2020-09,50.00,333.00,7654,cfloryiv@rcn.com
Auto Insurance,2020-09,105.00,83.00,7655,cfloryiv@rcn.com
Cable TV,2020-09,100.00,139.00,7656,cfloryiv@rcn.com
Cash,2020-09,100.00,0.00,7657,cfloryiv@rcn.com
Cell Phone,2020-09,50.00,50.00,7658,cfloryiv@rcn.com
Charites,2020-09,100.00,156.00,7659,cfloryiv@rcn.com
Cleaning,2020-09,120.00,120.00,7660,cfloryiv@rcn.com
Condo Fee,2020-09,300.00,300.00,7661,cfloryiv@rcn.com
Credit Monitoring,2020-09,24.00,24.00,7662,cfloryiv@rcn.com
Education,2020-09,90.00,29.00,7663,cfloryiv@rcn.com
Electric Bill,2020-09,100.00,80.00,7664,cfloryiv@rcn.com
Electronics,2020-09,300.00,83.00,7665,cfloryiv@rcn.com
Friday Takeout,2020-09,200.00,198.00,7666,cfloryiv@rcn.com
Gas,2020-09,100.00,41.00,7667,cfloryiv@rcn.com
Groceries,2020-09,440.00,714.00,7668,cfloryiv@rcn.com
Health Insurance,2020-09,45.00,110.00,7669,cfloryiv@rcn.com
Laundry,2020-09,20.00,0.00,7670,cfloryiv@rcn.com
Medicine,2020-09,100.00,330.00,7671,cfloryiv@rcn.com
Miscellaneous,2020-09,275.00,384.00,7672,cfloryiv@rcn.com
Online Sales,2020-09,0.00,-293.00,7673,cfloryiv@rcn.com
Property Taxes,2020-09,150.00,150.00,7674,cfloryiv@rcn.com
Savings,2020-09,400.00,0.00,7675,cfloryiv@rcn.com
Strips,2020-09,0.00,0.00,7676,cfloryiv@rcn.com
Therapy,2020-09,70.00,25.00,7677,cfloryiv@rcn.com
vacation,2020-09,100.00,0.00,7678,cfloryiv@rcn.com
Music Lessons,2020-09,0.00,180.00,7679,cfloryiv@rcn.com
Test,2020-09,1.00,0.03,7680,
Auto Expenses,2020-10,50.00,0.00,7681,
Education,2020-10,90.00,29.00,7682,
Therapy,2020-10,70.00,0.00,7683,
Cash,2020-10,100.00,100.00,7684,
Electric Bill,2020-10,100.00,51.00,7685,
Charites,2020-10,100.00,148.00,7686,
Condo Fee,2020-10,300.00,300.00,7687,
Gas,2020-10,100.00,28.00,7688,
Miscellaneous,2020-10,275.00,468.00,7689,
Cleaning,2020-10,120.00,120.00,7690,
Health Insurance,2020-10,45.00,96.00,7691,
Medicine,2020-10,100.00,5.00,7692,
Credit Monitoring,2020-10,24.00,24.00,7693,
Friday Takeout,2020-10,200.00,217.00,7694,
Cell Phone,2020-10,50.00,50.00,7695,
Groceries,2020-10,440.00,665.00,7696,
vacation,2020-10,100.00,0.00,7697,
Auto Insurance,2020-10,105.00,100.00,7698,
Cable TV,2020-10,100.00,125.00,7699,
Electronics,2020-10,300.00,415.00,7700,
Antivirus,2020-10,17.00,17.00,7701,
Property Taxes,2020-10,150.00,150.00,7702,
Laundry,2020-10,20.00,0.00,7703,
Amazon-Books,2020-10,400.00,338.00,7704,
Savings,2020-10,400.00,0.00,7705,
Online Sales,2020-10,0.00,-313.45,7706,
Strips,2020-10,0.00,-80.00,7707,
Music Lessons,2020-10,0.00,0.00,7708,
Test,2020-10,1.00,0.00,7709,
Web Hosting,2020-10,20.00,20.00,7710,
Auto Expenses,2020-11,50.00,0.00,7711,
Education,2020-11,90.00,29.00,7712,
Therapy,2020-11,70.00,0.00,7713,
Cash,2020-11,100.00,100.00,7714,
Electric Bill,2020-11,100.00,39.00,7715,
Charites,2020-11,100.00,156.00,7716,
Condo Fee,2020-11,300.00,315.00,7717,
Gas,2020-11,100.00,39.00,7718,
Miscellaneous,2020-11,275.00,149.00,7719,
Cleaning,2020-11,120.00,120.00,7720,
Health Insurance,2020-11,45.00,140.00,7721,
Medicine,2020-11,100.00,210.00,7722,
Credit Monitoring,2020-11,24.00,24.00,7723,
Friday Takeout,2020-11,200.00,221.00,7724,
Cell Phone,2020-11,50.00,50.00,7725,
Groceries,2020-11,440.00,857.00,7726,
vacation,2020-11,100.00,0.00,7727,
Auto Insurance,2020-11,105.00,120.00,7728,
Cable TV,2020-11,100.00,155.00,7729,
Electronics,2020-11,300.00,352.00,7730,
Antivirus,2020-11,17.00,17.00,7731,
Property Taxes,2020-11,150.00,150.00,7732,
Web Hosting,2020-11,20.00,20.00,7733,
Laundry,2020-11,20.00,20.00,7734,
Amazon-Books,2020-11,400.00,500.00,7735,
Savings,2020-11,400.00,0.00,7736,
Online Sales,2020-11,0.00,-399.60,7737,
Strips,2020-11,0.00,-40.00,7738,
Music Lessons,2020-11,0.00,0.00,7739,
Test,2020-11,1.00,0.00,7740,
Auto Expenses,2020-12,50.00,0.00,7741,
Education,2020-12,90.00,49.00,7742,
Therapy,2020-12,70.00,150.00,7743,
Cash,2020-12,100.00,0.00,7744,
Electric Bill,2020-12,100.00,44.00,7745,
Charites,2020-12,100.00,129.00,7746,
Condo Fee,2020-12,300.00,315.00,7747,
Gas,2020-12,100.00,30.00,7748,
Miscellaneous,2020-12,275.00,427.00,7749,
Cleaning,2020-12,120.00,120.00,7750,
Health Insurance,2020-12,45.00,20.00,7751,
Medicine,2020-12,100.00,62.00,7752,
Credit Monitoring,2020-12,24.00,24.00,7753,
Friday Takeout,2020-12,200.00,152.00,7754,
Cell Phone,2020-12,50.00,50.00,7755,
Groceries,2020-12,440.00,833.00,7756,
vacation,2020-12,100.00,0.00,7757,
Auto Insurance,2020-12,105.00,231.00,7758,
Cable TV,2020-12,100.00,146.00,7759,
Electronics,2020-12,300.00,294.00,7760,
Antivirus,2020-12,17.00,17.00,7761,
Property Taxes,2020-12,150.00,150.00,7762,
Web Hosting,2020-12,20.00,20.00,7763,
Laundry,2020-12,20.00,20.00,7764,
Amazon-Books,2020-12,400.00,531.00,7765,
Savings,2020-12,400.00,0.00,7766,
Online Sales,2020-12,0.00,-132.00,7767,
Strips,2020-12,0.00,-235.00,7768,
Music Lessons,2020-12,0.00,0.00,7769,
Test,2020-12,1.00,0.00,7770,
Auto Expenses,2021-01,50.00,0.00,7771,
Education,2021-01,90.00,65.00,7772,
Therapy,2021-01,70.00,75.00,7773,
Cash,2021-01,100.00,0.00,7774,
Electric Bill,2021-01,100.00,44.00,7775,
Charites,2021-01,100.00,80.00,7776,
Condo Fee,2021-01,300.00,315.00,7777,
Gas,2021-01,100.00,54.00,7778,
Miscellaneous,2021-01,275.00,-3473.00,7779,
Cleaning,2021-01,120.00,120.00,7780,
Health Insurance,2021-01,45.00,203.00,7781,
Medicine,2021-01,100.00,539.00,7782,
Credit Monitoring,2021-01,24.00,24.00,7783,
Friday Takeout,2021-01,200.00,253.00,7784,
Cell Phone,2021-01,50.00,241.00,7785,
Groceries,2021-01,440.00,633.00,7786,
vacation,2021-01,100.00,0.00,7787,
Auto Insurance,2021-01,105.00,111.00,7788,
Cable TV,2021-01,100.00,188.00,7789,
Electronics,2021-01,300.00,763.00,7790,
Antivirus,2021-01,17.00,17.00,7791,
Property Taxes,2021-01,150.00,150.00,7792,
Web Hosting,2021-01,20.00,20.00,7793,
Laundry,2021-01,20.00,20.00,7794,
Amazon-Books,2021-01,400.00,4086.00,7795,
Savings,2021-01,400.00,0.00,7796,
Online Sales,2021-01,0.00,-222.50,7797,
Strips,2021-01,0.00,-190.00,7798,
Music Lessons,2021-01,0.00,0.00,7799,
Test,2021-01,1.00,0.00,7800,
Auto Expenses,2021-02,50.00,1697.00,7801,
Education,2021-02,90.00,70.00,7802,
Therapy,2021-02,70.00,0.00,7803,
Cash,2021-02,100.00,0.00,7804,
Electric Bill,2021-02,100.00,44.00,7805,
Charites,2021-02,100.00,66.00,7806,
Condo Fee,2021-02,300.00,315.00,7807,
Gas,2021-02,100.00,62.00,7808,
Miscellaneous,2021-02,275.00,998.00,7809,
Cleaning,2021-02,120.00,120.00,7810,
Health Insurance,2021-02,45.00,100.00,7811,
Medicine,2021-02,100.00,497.00,7812,
Credit Monitoring,2021-02,24.00,24.00,7813,
Friday Takeout,2021-02,200.00,146.00,7814,
Cell Phone,2021-02,50.00,49.00,7815,
Groceries,2021-02,440.00,534.00,7816,
vacation,2021-02,100.00,0.00,7817,
Auto Insurance,2021-02,105.00,115.00,7818,
Cable TV,2021-02,100.00,180.00,7819,
Electronics,2021-02,300.00,1071.00,7820,
Antivirus,2021-02,17.00,17.00,7821,
Property Taxes,2021-02,150.00,150.00,7822,
Web Hosting,2021-02,20.00,20.00,7823,
Laundry,2021-02,20.00,20.00,7824,
Amazon-Books,2021-02,400.00,551.00,7825,
Savings,2021-02,400.00,-2000.00,7826,
Online Sales,2021-02,0.00,-341.95,7827,
Strips,2021-02,0.00,-110.00,7828,
Music Lessons,2021-02,0.00,0.00,7829,
Test,2021-02,1.00,0.00,7830,
Auto Expenses,2021-03,50.00,20.00,7831,
Education,2021-03,90.00,112.00,7832,
Therapy,2021-03,70.00,0.00,7833,
Cash,2021-03,100.00,0.00,7834,
Electric Bill,2021-03,100.00,44.00,7835,
Charites,2021-03,100.00,65.00,7836,
Condo Fee,2021-03,300.00,315.00,7837,
Gas,2021-03,100.00,59.00,7838,
Miscellaneous,2021-03,275.00,454.00,7839,
Cleaning,2021-03,120.00,120.00,7840,
Health Insurance,2021-03,45.00,593.40,7841,
Medicine,2021-03,100.00,321.00,7842,
Credit Monitoring,2021-03,24.00,24.00,7843,
Friday Takeout,2021-03,200.00,255.00,7844,
Cell Phone,2021-03,50.00,44.00,7845,
Groceries,2021-03,440.00,821.00,7846,
vacation,2021-03,100.00,0.00,7847,
Auto Insurance,2021-03,105.00,204.00,7848,
Cable TV,2021-03,100.00,149.00,7849,
Electronics,2021-03,300.00,1119.00,7850,
Antivirus,2021-03,17.00,17.00,7851,
Property Taxes,2021-03,150.00,150.00,7852,
Web Hosting,2021-03,20.00,20.00,7853,
Laundry,2021-03,20.00,20.00,7854,
Amazon-Books,2021-03,400.00,177.00,7855,
Savings,2021-03,400.00,-1000.00,7856,
Online Sales,2021-03,0.00,-50.00,7857,
Strips,2021-03,0.00,-150.00,7858,
Music Lessons,2021-03,0.00,0.00,7859,
Test,2021-03,1.00,0.00,7860,
Auto Expenses,2021-04,50.00,100.00,7861,
Education,2021-04,90.00,40.00,7862,
Therapy,2021-04,70.00,0.00,7863,
Cash,2021-04,100.00,0.00,7864,
Electric Bill,2021-04,100.00,0.00,7865,
Charites,2021-04,100.00,65.00,7866,
Condo Fee,2021-04,300.00,315.00,7867,
Gas,2021-04,100.00,53.00,7868,
Miscellaneous,2021-04,275.00,0.00,7869,
Cleaning,2021-04,120.00,120.00,7870,
Health Insurance,2021-04,45.00,1195.00,7871,
Medicine,2021-04,100.00,324.00,7872,
Credit Monitoring,2021-04,24.00,24.00,7873,
Friday Takeout,2021-04,200.00,119.00,7874,
Cell Phone,2021-04,50.00,44.00,7875,
Groceries,2021-04,440.00,630.00,7876,
vacation,2021-04,100.00,0.00,7877,
Auto Insurance,2021-04,105.00,0.00,7878,
Cable TV,2021-04,100.00,157.00,7879,
Electronics,2021-04,300.00,727.00,7880,
Antivirus,2021-04,17.00,17.00,7881,
Property Taxes,2021-04,150.00,150.00,7882,
Web Hosting,2021-04,20.00,20.00,7883,
Laundry,2021-04,20.00,20.00,7884,
Amazon-Books,2021-04,400.00,170.00,7885,
Savings,2021-04,400.00,0.00,7886,
Online Sales,2021-04,0.00,0.00,7887,
Strips,2021-04,0.00,-90.00,7888,
Music Lessons,2021-04,0.00,0.00,7889,
Test,2021-04,1.00,0.00,7890,
Auto Expenses,2021-05,50.00,0.00,7891,
Education,2021-05,90.00,0.00,7892,
Therapy,2021-05,70.00,0.00,7893,
Cash,2021-05,100.00,0.00,7894,
Electric Bill,2021-05,100.00,50.00,7895,
Charites,2021-05,100.00,70.00,7896,
Condo Fee,2021-05,300.00,315.00,7897,
Gas,2021-05,100.00,51.00,7898,
Miscellaneous,2021-05,275.00,-22.00,7899,
Cleaning,2021-05,120.00,120.00,7900,
Health Insurance,2021-05,45.00,1180.00,7901,
Medicine,2021-05,100.00,321.00,7902,
Credit Monitoring,2021-05,24.00,24.00,7903,
Friday Takeout,2021-05,200.00,148.00,7904,
Cell Phone,2021-05,50.00,44.00,7905,
Groceries,2021-05,440.00,337.00,7906,
vacation,2021-05,100.00,0.00,7907,
Auto Insurance,2021-05,105.00,206.00,7908,
Cable TV,2021-05,100.00,65.00,7909,
Electronics,2021-05,300.00,328.00,7910,
Antivirus,2021-05,17.00,17.00,7911,
Property Taxes,2021-05,150.00,150.00,7912,
Web Hosting,2021-05,20.00,20.00,7913,
Laundry,2021-05,20.00,20.00,7914,
Amazon-Books,2021-05,400.00,71.00,7915,
Savings,2021-05,400.00,-3000.00,7916,
Online Sales,2021-05,0.00,0.00,7917,
Strips,2021-05,0.00,-200.00,7918,
Music Lessons,2021-05,0.00,0.00,7919,
Test,2021-05,1.00,0.00,7920,
